<marcxml:record xmlns:xlink="http://www.w3.org/1999/xlink" xmlns:marcxml="http://www.loc.gov/MARC21/slim" xmlns:mets="http://www.loc.gov/METS/" xmlns:mxe="http://www.loc.gov/mxe" xmlns:rdf="http://www.w3.org/1999/02/22-rdf-syntax-ns#" xmlns:rdfs="http://www.w3.org/2000/01/rdf-schema#" xmlns:skos="http://www.w3.org/2004/02/skos/core#" xmlns:madsrdf="http://www.loc.gov/mads/rdf/v1#" xmlns:ri="http://id.loc.gov/ontologies/RecordInfo#" xmlns:sem="http://marklogic.com/semantics">
  <marcxml:leader>01910cz  a2200361n  4500</marcxml:leader>
  <marcxml:controlfield tag="001">n82053044</marcxml:controlfield>
  <marcxml:controlfield tag="003">DLC</marcxml:controlfield>
  <marcxml:controlfield tag="005">20140310111154.0</marcxml:controlfield>
  <marcxml:controlfield tag="008">820518n| azannaabn          |a ana      </marcxml:controlfield>
  <marcxml:datafield tag="010" ind1=" " ind2=" ">
    <marcxml:subfield code="a">n  82053044 </marcxml:subfield>
  </marcxml:datafield>
  <marcxml:datafield tag="035" ind1=" " ind2=" ">
    <marcxml:subfield code="a">(OCoLC)oca00749968</marcxml:subfield>
  </marcxml:datafield>
  <marcxml:datafield tag="040" ind1=" " ind2=" ">
    <marcxml:subfield code="a">DLC</marcxml:subfield>
    <marcxml:subfield code="b">eng</marcxml:subfield>
    <marcxml:subfield code="e">rda</marcxml:subfield>
    <marcxml:subfield code="c">DLC</marcxml:subfield>
    <marcxml:subfield code="d">NNC</marcxml:subfield>
    <marcxml:subfield code="d">NNU</marcxml:subfield>
    <marcxml:subfield code="d">ItFiC</marcxml:subfield>
    <marcxml:subfield code="d">CMalG</marcxml:subfield>
  </marcxml:datafield>
  <marcxml:datafield tag="110" ind1="2" ind2=" ">
    <marcxml:subfield code="a">Cimitero degli stranieri acattolici al Testaccio</marcxml:subfield>
  </marcxml:datafield>
  <marcxml:datafield tag="368" ind1=" " ind2=" ">
    <marcxml:subfield code="a">Cemeteries</marcxml:subfield>
    <marcxml:subfield code="2">lcsh</marcxml:subfield>
  </marcxml:datafield>
  <marcxml:datafield tag="370" ind1=" " ind2=" ">
    <marcxml:subfield code="e">Rome (Italy)</marcxml:subfield>
    <marcxml:subfield code="2">naf</marcxml:subfield>
  </marcxml:datafield>
  <marcxml:datafield tag="410" ind1="1" ind2=" ">
    <marcxml:subfield code="w">nnaa</marcxml:subfield>
    <marcxml:subfield code="a">Rome (City).</marcxml:subfield>
    <marcxml:subfield code="b">Protestant Cemetery</marcxml:subfield>
  </marcxml:datafield>
  <marcxml:datafield tag="410" ind1="2" ind2=" ">
    <marcxml:subfield code="a">Protestant Cemetery (Rome, Italy)</marcxml:subfield>
  </marcxml:datafield>
  <marcxml:datafield tag="410" ind1="2" ind2=" ">
    <marcxml:subfield code="a">Cimitero acattolico (Rome, Italy)</marcxml:subfield>
  </marcxml:datafield>
  <marcxml:datafield tag="410" ind1="2" ind2=" ">
    <marcxml:subfield code="a">Protestant Cemetery in Rome</marcxml:subfield>
  </marcxml:datafield>
  <marcxml:datafield tag="410" ind1="2" ind2=" ">
    <marcxml:subfield code="a">Protestant Cemetery of Rome</marcxml:subfield>
  </marcxml:datafield>
  <marcxml:datafield tag="410" ind1="1" ind2=" ">
    <marcxml:subfield code="a">Rome (Italy).</marcxml:subfield>
    <marcxml:subfield code="b">Protestant Cemetery</marcxml:subfield>
  </marcxml:datafield>
  <marcxml:datafield tag="410" ind1="1" ind2=" ">
    <marcxml:subfield code="a">Rome (Italy).</marcxml:subfield>
    <marcxml:subfield code="b">Cimitero degli stranieri acattolici al Testaccio</marcxml:subfield>
  </marcxml:datafield>
  <marcxml:datafield tag="410" ind1="2" ind2=" ">
    <marcxml:subfield code="a">Cimitero acattolico di Roma</marcxml:subfield>
  </marcxml:datafield>
  <marcxml:datafield tag="410" ind1="2" ind2=" ">
    <marcxml:subfield code="a">Cimitero degli acattolici al Testaccio</marcxml:subfield>
  </marcxml:datafield>
  <marcxml:datafield tag="410" ind1="2" ind2=" ">
    <marcxml:subfield code="a">Nekatolicheskoe kladbishche dli︠a︡ inostrant︠s︡ev v Rime</marcxml:subfield>
  </marcxml:datafield>
  <marcxml:datafield tag="410" ind1="2" ind2=" ">
    <marcxml:subfield code="a">Testachcho (Protestant cemetery : Rome, Italy)</marcxml:subfield>
  </marcxml:datafield>
  <marcxml:datafield tag="410" ind1="2" ind2=" ">
    <marcxml:subfield code="a">Cimitero acattolico per gli stranieri al Testaccio</marcxml:subfield>
  </marcxml:datafield>
  <marcxml:datafield tag="410" ind1="2" ind2=" ">
    <marcxml:subfield code="a">Cimitero acattolico del Testaccio</marcxml:subfield>
  </marcxml:datafield>
  <marcxml:datafield tag="410" ind1="2" ind2=" ">
    <marcxml:subfield code="a">Non-Catholic Cemetery in Rome</marcxml:subfield>
  </marcxml:datafield>
  <marcxml:datafield tag="670" ind1=" " ind2=" ">
    <marcxml:subfield code="a">Stevens, R. The Protestant Cemetery of Rome, 1981:</marcxml:subfield>
    <marcxml:subfield code="b">t.p. (Protestant Cemetery of Rome) p. 1, etc. (Protestant Cemetery; Cimitero acattolico di Roma; corresp. to be directed to Cimitero degli stranieri acattolici al Testaccio; Protestant Cemetery in Rome; Cimitero degli stranieri acattolici a Testaccio)</marcxml:subfield>
  </marcxml:datafield>
  <marcxml:datafield tag="670" ind1=" " ind2=" ">
    <marcxml:subfield code="a">Testachcho, 2000:</marcxml:subfield>
    <marcxml:subfield code="b">t.p. (Testachcho; Nekatolicheskoe kladbishche dli︠a︡ inostrant︠s︡ev v Rime) p. 3 (Cimitero acattolico per gli stranieri al Testaccio)</marcxml:subfield>
  </marcxml:datafield>
  <marcxml:datafield tag="670" ind1=" " ind2=" ">
    <marcxml:subfield code="a">La piramide di Caio Cestio e il cimitero acattolico del Testaccio, c2008.</marcxml:subfield>
  </marcxml:datafield>
  <marcxml:datafield tag="670" ind1=" " ind2=" ">
    <marcxml:subfield code="a">Non-Catholic Cemetery in Rome, 2014:</marcxml:subfield>
    <marcxml:subfield code="b">page xii (Non-Catholic Cemetery in Rome; formerly known as the Protestant Cemetery)</marcxml:subfield>
  </marcxml:datafield>
</marcxml:record>
